
@article{vanclay1995,
	title = {Synthesis: Growth Models for Tropical Forests: A Synthesis of Models and Methods},
	author = {Vanclay, Jerome K.},
	year = {1995},
	month = {02},
	date = {1995-02-01},
	journal = {Forest Science},
	pages = {7--42},
	volume = {41},
	number = {1},
	doi = {10.1093/forestscience/41.1.7},
	url = {https://doi.org/10.1093/forestscience/41.1.7}
}

@book{belsley2005,
	title = {Regression Diagnostics: Identifying Influential Data and Sources of Collinearity},
	author = {Belsley, David A. and Kuh, Edwin and Welsch, Roy E.},
	year = {2005},
	month = {02},
	date = {2005-02-25},
	publisher = {John Wiley & Sons},
	note = {Google-Books-ID: GECBEUJVNe0C},
	langid = {en}
}

@misc{anintro,
	title = {An Introduction to Statistical Learning: with Applications in R | SpringerLink},
	url = {https://link.springer.com/book/10.1007/978-1-0716-1418-1}
}

@article{tenzin2017,
	title = {Individual tree basal area increment models for broadleaved forests in Bhutan},
	author = {Tenzin, Jigme and Tenzin, Karma and Hasenauer, Hubert},
	year = {2017},
	month = {05},
	date = {2017-05-01},
	journal = {Forestry: An International Journal of Forest Research},
	pages = {367--380},
	volume = {90},
	number = {3},
	doi = {10.1093/forestry/cpw065},
	url = {https://doi.org/10.1093/forestry/cpw065}
}

@misc{forests,
	title = {Forests | Free Full-Text | Regional Models of Diameter as a Function of Individual Tree Attributes, Climate and Site Characteristics for Six Major Tree Species in Alberta, Canada},
	url = {https://www.mdpi.com/1999-4907/2/4/814}
}

@article{feldpausch2011,
	title = {Height-diameter allometry of tropical forest trees},
	author = {Feldpausch, T. R. and Banin, L. and Phillips, O. L. and Baker, T. R. and Lewis, S. L. and Quesada, C. A. and Affum-Baffoe, K. and Arets, E. J. M. M. and Berry, N. J. and Bird, M. and Brondizio, E. S. and de Camargo, P. and Chave, J. and Djagbletey, G. and Domingues, T. F. and Drescher, M. and Fearnside, P. M. and {França}, M. B. and Fyllas, N. M. and Lopez-Gonzalez, G. and Hladik, A. and Higuchi, N. and Hunter, M. O. and Iida, Y. and Salim, K. A. and Kassim, A. R. and Keller, M. and Kemp, J. and King, D. A. and Lovett, J. C. and Marimon, B. S. and Marimon-Junior, B. H. and Lenza, E. and Marshall, A. R. and Metcalfe, D. J. and Mitchard, E. T. A. and Moran, E. F. and Nelson, B. W. and Nilus, R. and Nogueira, E. M. and Palace, M. and {Patiño}, S. and Peh, K. S.-H. and Raventos, M. T. and Reitsma, J. M. and Saiz, G. and Schrodt, F. and {Sonké}, B. and Taedoumg, H. E. and Tan, S. and White, L. and {Wöll}, H. and Lloyd, J.},
	year = {2011},
	month = {05},
	date = {2011-05-05},
	journal = {Biogeosciences},
	pages = {1081--1106},
	volume = {8},
	number = {5},
	doi = {10.5194/bg-8-1081-2011},
	url = {https://bg.copernicus.org/articles/8/1081/2011/},
	note = {Publisher: Copernicus GmbH},
	langid = {English}
}

@article{gao2016,
	title = {Modeling of the height{\textendash}diameter relationship using an allometric equation model: a case study of stands of Phyllostachys edulis},
	author = {Gao, Xuan and Li, Zhandong and Yu, Hongmei and Jiang, Zehui and Wang, Chen and Zhang, Yu and Qi, Lianghua and Shi, Lei},
	year = {2016},
	month = {04},
	date = {2016-04-01},
	journal = {Journal of Forestry Research},
	pages = {339--347},
	volume = {27},
	number = {2},
	doi = {10.1007/s11676-015-0145-6},
	url = {https://doi.org/10.1007/s11676-015-0145-6},
	langid = {en}
}

@article{farrelly1996,
	title = {The book of bamboo: a comprehensive guide to this remarkable plant, its uses, and its history.},
	author = {Farrelly, D.},
	year = {1996},
	date = {1996},
	journal = {The book of bamboo: a comprehensive guide to this remarkable plant, its uses, and its history.},
	url = {https://www.cabdirect.org/cabdirect/abstract/19970600860?freeview=true},
	note = {Publisher: Thames and Hudson Ltd},
	langid = {English}
}

@article{briseño-reyes2020,
	title = {Individual Tree Diameter and Height Growth Models for 30 Tree Species in Mixed-Species and Uneven-Aged Forests of Mexico},
	author = {{Briseño-Reyes}, Jaime and Corral-Rivas, {José Javier} and Solis-Moreno, {Raúl} and {Padilla-Martínez}, Jaime Roberto and Vega-Nieva, {Daniel José} and {López-Serrano}, Pablito Marcelo and Vargas-Larreta, Benedicto and {Diéguez-Aranda}, Ulises and {Quiñonez-Barraza}, {Gerónimo} and {López-Sánchez}, Carlos Antonio},
	year = {2020},
	month = {04},
	date = {2020-04},
	journal = {Forests},
	pages = {429},
	volume = {11},
	number = {4},
	doi = {10.3390/f11040429},
	url = {https://www.mdpi.com/1999-4907/11/4/429},
	note = {Number: 4
Publisher: Multidisciplinary Digital Publishing Institute},
	langid = {en}
}

@article{li2004,
	title = {Plantation future of bamboo in China},
	author = {Li, Zhao-hua and Kobayashi, Mikio},
	year = {2004},
	month = {09},
	date = {2004-09-01},
	journal = {Journal of Forestry Research},
	pages = {233--242},
	volume = {15},
	number = {3},
	doi = {10.1007/BF02911032},
	url = {https://doi.org/10.1007/BF02911032},
	langid = {en}
}

@article{meena2019,
	title = {Genetic diversity and structure of Dendrocalamus hamiltonii natural metapopulation: a commercially important bamboo species of northeast Himalayas},
	author = {Meena, Rajendra K. and Bhandhari, Maneesh S. and Barhwal, Santan and Ginwal, Harish S.},
	year = {2019},
	month = {01},
	date = {2019-01-31},
	journal = {3 Biotech},
	pages = {60},
	volume = {9},
	number = {2},
	doi = {10.1007/s13205-019-1591-1},
	url = {https://doi.org/10.1007/s13205-019-1591-1},
	langid = {en}
}

@article{tamang2013,
	title = {Bamboo Diversity, Distribution Pattern and its uses in Sikkim (India) Himalaya},
	author = {Tamang, Deo Kumar and Dhakal, Dinesh and Gurung, Sambhawana and Sharma, N P and Shrestha, D G},
	year = {2013},
	date = {2013},
	volume = {3},
	number = {2},
	langid = {en}
}

@article{yen2010,
	title = {Estimating biomass production and carbon storage for a fast-growing makino bamboo (Phyllostachys makinoi) plant based on the diameter distribution model},
	author = {Yen, Tian-Ming and Ji, Yi-Jia and Lee, Joou-Shian},
	year = {2010},
	month = {06},
	date = {2010-06-30},
	journal = {Forest Ecology and Management},
	pages = {339--344},
	volume = {260},
	number = {3},
	doi = {10.1016/j.foreco.2010.04.021},
	url = {https://www.sciencedirect.com/science/article/pii/S0378112710002252},
	langid = {en}
}

@article{shanmughavel1996,
	title = {Above ground biomass production and nutrient distribution in growing bamboo (Bambusa bambos (L.) Voss)},
	author = {Shanmughavel, P. and Francis, K.},
	year = {1996},
	month = {01},
	date = {1996-01-01},
	journal = {Biomass and Bioenergy},
	pages = {383--391},
	volume = {10},
	number = {5},
	doi = {10.1016/0961-9534(95)00124-7},
	url = {https://www.sciencedirect.com/science/article/pii/0961953495001247},
	langid = {en}
}

@article{singh1999,
	title = {Biomass, net primary production and impact of bamboo plantation on soil redevelopment in a dry tropical region},
	author = {Singh, Anand Narain and Singh, J. S},
	year = {1999},
	month = {06},
	date = {1999-06-28},
	journal = {Forest Ecology and Management},
	pages = {195--207},
	volume = {119},
	number = {1},
	doi = {10.1016/S0378-1127(98)00523-4},
	url = {https://www.sciencedirect.com/science/article/pii/S0378112798005234},
	langid = {en}
}

@article{embaye2003,
	title = {Bamboo as bioresource in Ethiopia: management strategy to improve seedling performance (Oxytenanthera abyssinica)},
	author = {Embaye, Kassahun and Christersson, Lars and Ledin, Stig and Weih, Martin},
	year = {2003},
	month = {05},
	date = {2003-05-01},
	journal = {Bioresource Technology},
	pages = {33--39},
	volume = {88},
	number = {1},
	doi = {10.1016/S0960-8524(02)00265-1},
	url = {https://www.sciencedirect.com/science/article/pii/S0960852402002651},
	langid = {en}
}

@article{gratani2008,
	title = {Growth pattern and photosynthetic activity of different bamboo species growing in the Botanical Garden of Rome},
	author = {Gratani, Loretta and Crescente, Maria Fiore and Varone, Laura and Fabrini, Giuseppe and Digiulio, Eleonora},
	year = {2008},
	month = {01},
	date = {2008-01-15},
	journal = {Flora - Morphology, Distribution, Functional Ecology of Plants},
	pages = {77--84},
	volume = {203},
	number = {1},
	doi = {10.1016/j.flora.2007.11.002},
	url = {https://www.sciencedirect.com/science/article/pii/S0367253007001247},
	langid = {en}
}

@inbook{bista2022,
	title = {Chapter 19 - Bamboo distribution in Nepal and its impact on red pandas},
	author = {Bista, Damber and Bhattrai, Bishal and Shrestha, Saroj and Lama, Sonam Tashi and Dhamala, Man Kumar and Acharya, Krishna Prasad and Jnawali, Shant Raj and Bhatta, Manoj and Nanda Das, Annapurna and Sherpa, Ang Phuri},
	editor = {Glatston, Angela R.},
	year = {2022},
	month = {01},
	date = {2022-01-01},
	publisher = {Academic Press},
	pages = {353--368},
	doi = {10.1016/B978-0-12-823753-3.00009-0},
	url = {https://www.sciencedirect.com/science/article/pii/B9780128237533000090},
	note = {DOI: 10.1016/B978-0-12-823753-3.00009-0},
	address = {Oxford},
	langid = {en}
}

@article{sharma2011,
	title = {In vitro propagation of Bambusa balcooa for a better environment},
	author = {Sharma, Pratibha and Sarma, K P},
	year = {2011},
	date = {2011},
	langid = {en}
}

@article{bhandawat2019,
	title = {Discovery and Utilization of EST-SSR Marker Resource for Genetic Diversity and Population Structure Analyses of a Subtropical Bamboo, Dendrocalamus hamiltonii},
	author = {Bhandawat, Abhishek and Sharma, Vikas and Singh, Pradeep and Seth, Romit and Nag, Akshay and Kaur, Jagdeep and Sharma, Ram Kumar},
	year = {2019},
	month = {10},
	date = {2019-10-01},
	journal = {Biochemical Genetics},
	pages = {652--672},
	volume = {57},
	number = {5},
	doi = {10.1007/s10528-019-09914-4},
	url = {https://doi.org/10.1007/s10528-019-09914-4},
	langid = {en}
}

@article{bhatt2003,
	title = {Some commercial edible bamboo species of North East India: Production, indigenous uses, cost-benefit and management strategies},
	author = {Bhatt, Bhagwati and Singha, Lal and Singh, Karanjot and Sachan, M.S.},
	year = {2003},
	month = {01},
	date = {2003-01-01},
	pages = {4--20},
	volume = {17}
}

@article{bag2012,
	title = {Somatic embryogenesis in 'maggar' bamboo (Dendrocalamus hamiltonii) and field performance of regenerated plants},
	author = {Bag, Niladri and Palni, Lok Man S. and Chandra, Suman and Nandi, Shyamal K.},
	year = {2012},
	date = {2012},
	journal = {Current Science},
	pages = {1279--1287},
	volume = {102},
	number = {9},
	url = {https://www.jstor.org/stable/44721844},
	note = {Publisher: Current Science Association}
}

@article{stapleton1994,
	title = {The bamboos of Nepal and Bhutan. Part I: Bambusa, Dendrocalamus, Melocanna, Cephalostachyum, Teinostachyum, and Pseudostachyum (Gramineae: Poaceae, Bambusoideae)},
	author = {Stapleton, C. M. A.},
	year = {1994},
	month = {03},
	date = {1994-03},
	journal = {Edinburgh Journal of Botany},
	pages = {1--32},
	volume = {51},
	number = {1},
	doi = {10.1017/S0960428600001682},
	url = {https://www.cambridge.org/core/journals/edinburgh-journal-of-botany/article/abs/bamboos-of-nepal-and-bhutan-part-i-bambusa-dendrocalamus-melocanna-cephalostachyum-teinostachyum-and-pseudostachyum-gramineae-poaceae-bambusoideae/D7BEAC842F9B098C21E91AA8401FB8FB},
	note = {Publisher: Cambridge University Press},
	langid = {en}
}

@article{pattanaik,
	title = {PATTERNS OF MORPHOMETRIC VARIABILITY IN DENDROCALAMUS HAMILTONII MUNRO POPULATIONS ACROSS EAST KHASI HILLS, NORTHEAST INDIA},
	author = {Pattanaik, S and Hall, John B},
	langid = {en}
}

@book{systems2005,
	title = {Systems modeling and simulation: theory and applications: third Asian Simulation Conference, AsiaSim 2004, Jeju Island, Korea, October 4-6, 2004: revised selected papers},
	editor = {Baik, Doo-Kwon},
	year = {2005},
	date = {2005},
	publisher = {Springer},
	series = {Lecture notes in computer science, Lecture notes in artificial intelligence},
	number = {3398},
	note = {Meeting Name: Asian Simulation Conference
OCLC: ocm58392022},
	address = {Berlin ; New York},
	langid = {en}
}

@book{fritzson2011,
	title = {Introduction to Modeling and Simulation of Technical and Physical Systems with Modelica},
	author = {Fritzson, Peter},
	year = {2011},
	month = {10},
	date = {2011-10-03},
	publisher = {John Wiley & Sons},
	langid = {en}
}

@article{das2005,
	title = {Generation and Characterization of SCARs by Cloning and Sequencing of RAPD Products: A Strategy for Species-specific Marker Development in Bamboo},
	author = {DAS, MALAY and BHATTACHARYA, SAMIK and PAL, AMITA},
	year = {2005},
	month = {04},
	date = {2005-04-01},
	journal = {Annals of Botany},
	pages = {835--841},
	volume = {95},
	number = {5},
	doi = {10.1093/aob/mci088},
	url = {https://doi.org/10.1093/aob/mci088}
}

@article{zakikhani2017,
	title = {Morphological, Mechanical, and Physical Properties of Four Bamboo Species},
	author = {Zakikhani, Parnia and Zahari, Rizal and Sultan, Mohamed Thariq bin Haji Hameed and Majid, Dayang Laila Abang Abdul},
	year = {2017},
	month = {02},
	date = {2017-02-15},
	journal = {BioResources},
	pages = {2479--2495},
	volume = {12},
	number = {2},
	url = {https://jtatm.textiles.ncsu.edu/index.php/BioRes/article/view/BioRes_12_2_2479_Zakikhani_Morphological_Mechanical_Physical_Properties_Bamboo},
	note = {Number: 2},
	langid = {en}
}

@article{pariyar2019,
	title = {Comparative tree height measurement using different instrument},
	author = {Pariyar, Sara and Mandal, Ram},
	year = {2019},
	month = {11},
	date = {2019-11-12}
}

@article{willmott1981,
	title = {On the Validation of Models},
	author = {Willmott, Cort J.},
	year = {1981},
	month = {07},
	date = {1981-07-01},
	journal = {Physical Geography},
	pages = {184--194},
	volume = {2},
	number = {2},
	doi = {10.1080/02723646.1981.10642213},
	url = {https://doi.org/10.1080/02723646.1981.10642213},
	note = {Publisher: Taylor & Francis
{\_}eprint: https://doi.org/10.1080/02723646.1981.10642213}
}

@article{hocking1976,
	title = {A Biometrics Invited Paper. The Analysis and Selection of Variables in Linear Regression},
	author = {Hocking, R. R.},
	year = {1976},
	date = {1976},
	journal = {Biometrics},
	pages = {1--49},
	volume = {32},
	number = {1},
	doi = {10.2307/2529336},
	url = {https://www.jstor.org/stable/2529336},
	note = {Publisher: [Wiley, International Biometric Society]}
}

@misc{vii.not,
	title = {VII. Note on regression and inheritance in the case of two parents | Proceedings of the Royal Society of London},
	url = {https://royalsocietypublishing.org/doi/abs/10.1098/rspl.1895.0041}
}

@article{shapiro1965,
	title = {An Analysis of Variance Test for Normality (Complete Samples)},
	author = {Shapiro, S. S. and Wilk, M. B.},
	year = {1965},
	date = {1965},
	journal = {Biometrika},
	pages = {591--611},
	volume = {52},
	number = {3/4},
	doi = {10.2307/2333709},
	url = {https://www.jstor.org/stable/2333709},
	note = {Publisher: [Oxford University Press, Biometrika Trust]}
}

@article{h1960,
	title = {Robust tests for equality of variances},
	author = {H, Levene},
	year = {1960},
	date = {1960},
	journal = {Contributions to probability and statistics},
	pages = {278--292},
	url = {https://cir.nii.ac.jp/crid/1573950400526848896},
	note = {Publisher: Stanford University Press}
}

@article{welch1947,
	title = {THE GENERALIZATION OF {\textquoteleft}STUDENT'S{\textquoteright} PROBLEM WHEN SEVERAL DIFFERENT POPULATION VARLANCES ARE INVOLVED},
	author = {WELCH, B. L.},
	year = {1947},
	month = {01},
	date = {1947-01-01},
	journal = {Biometrika},
	pages = {28--35},
	volume = {34},
	number = {1-2},
	doi = {10.1093/biomet/34.1-2.28},
	url = {https://doi.org/10.1093/biomet/34.1-2.28}
}

@article{oli2005,
	title = {Biomass estimation of Bambusa tulda grown at Eastern Terai, Nepal},
	author = {Oli, Bishwa},
	year = {2005},
	month = {01},
	date = {2005-01-01},
	journal = {Journal of Bamboo and Rattan},
	pages = {33--39},
	volume = {4},
	doi = {10.1163/1569159053444680}
}

@book{fox2015,
	title = {Applied Regression Analysis and Generalized Linear Models},
	author = {Fox, John},
	year = {2015},
	month = {03},
	date = {2015-03-18},
	publisher = {SAGE Publications},
	note = {Google-Books-ID: 3wrwCQAAQBAJ},
	langid = {en}
}

@inbook{sarstedt2019,
	title = {Regression Analysis},
	author = {Sarstedt, Marko and Mooi, Erik},
	year = {2019},
	date = {2019},
	publisher = {Springer Berlin Heidelberg},
	pages = {209--256},
	url = {http://link.springer.com/10.1007/978-3-662-56707-4_7},
	note = {Series Title: Springer Texts in Business and Economics
DOI: 10.1007/978-3-662-56707-4{\_}7},
	address = {Berlin, Heidelberg}
}

@article{wang2004,
	title = {Relations between NDVI and tree productivity in the central Great Plains},
	author = {Wang, J. and Rich, P. M. and Price, K. P. and Kettle, W. D.},
	year = {2004},
	month = {08},
	date = {2004-08},
	journal = {International Journal of Remote Sensing},
	pages = {3127--3138},
	volume = {25},
	number = {16},
	doi = {10.1080/0143116032000160499},
	url = {https://www.tandfonline.com/doi/full/10.1080/0143116032000160499},
	langid = {en}
}

@article{lindley1999,
	title = {Introduction to the practice of statistics, (3rd edition), by David S. Moore and George P. McCabe. Pp. 825 (with appendices and CD-ROM). £27.95. 1999. ISBN 0 7167 3502 4 (W. H. Freeman).},
	author = {Lindley, D. V.},
	year = {1999},
	month = {07},
	date = {1999-07},
	journal = {The Mathematical Gazette},
	pages = {374--375},
	volume = {83},
	number = {497},
	doi = {10.2307/3619120},
	url = {https://www.cambridge.org/core/journals/mathematical-gazette/article/abs/introduction-to-the-practice-of-statistics-3rd-edition-by-david-s-moore-and-george-p-mccabe-pp-825-with-appendices-and-cdrom-2795-1999-isbn-0-7167-3502-4-wh-freeman/FC13C3181FCDC72804309982FCDF41D4},
	note = {Publisher: Cambridge University Press},
	langid = {en}
}

@article{song2011,
	title = {Carbon sequestration by Chinese bamboo forests and their ecological benefits: assessment of potential, problems, and future challenges},
	author = {Song, Xinzhang and Zhou, Guomo and Jiang, Hong and Yu, Shuquan and Fu, Jinhe and Li, Weizhong and Wang, Weifeng and Ma, Zhihai and Peng, Changhui},
	year = {2011},
	month = {12},
	date = {2011-12},
	journal = {Environmental Reviews},
	pages = {418--428},
	volume = {19},
	number = {NA},
	doi = {10.1139/a11-015},
	url = {http://www.nrcresearchpress.com/doi/10.1139/a11-015},
	langid = {en}
}

@article{solomon1980,
	title = {Individual tree growth of red spruce as related to tree characteristics and environmental influences},
	author = {Solomon, D. S.},
	year = {1980},
	date = {1980},
	journal = {Mitteilungen der Forstlichen Bundesversuchsanstalt}
}

@article{yeasmin2015,
	title = {Bamboo: an overview on its genetic diversity and characterization},
	author = {Yeasmin, Lucina and Ali, Md Nasim and Gantait, Saikat and Chakraborty, Somsubhra},
	year = {2015},
	month = {02},
	date = {2015-02-01},
	journal = {3 Biotech},
	pages = {1--11},
	volume = {5},
	number = {1},
	doi = {10.1007/s13205-014-0201-5},
	url = {https://link.springer.com/article/10.1007/s13205-014-0201-5},
	note = {Company: Springer
Distributor: Springer
Institution: Springer
Label: Springer
Number: 1
Publisher: Springer Berlin Heidelberg},
	langid = {en}
}

@article{bhattacharya2009,
	title = {Morphological and molecular characterization of Thamnocalamus spathiflorus subsp. spathiflorus at population level},
	author = {Bhattacharya, Samik and Ghosh, Jayadri Sekhar and Das, Malay and Pal, Amita},
	year = {2009},
	month = {09},
	date = {2009-09-01},
	journal = {Plant Systematics and Evolution},
	pages = {13--20},
	volume = {282},
	number = {1},
	doi = {10.1007/s00606-008-0092-1},
	url = {https://doi.org/10.1007/s00606-008-0092-1},
	langid = {en}
}

@article{bhattacharya2006,
	title = {Morphological and Molecular Characterization of Bambusa tulda with a Note on Flowering},
	author = {BHATTACHARYA, SAMIK and DAS, MALAY and BAR, RADHARAMAN and PAL, AMITA},
	year = {2006},
	month = {09},
	date = {2006-09-01},
	journal = {Annals of Botany},
	pages = {529--535},
	volume = {98},
	number = {3},
	doi = {10.1093/aob/mcl143},
	url = {https://doi.org/10.1093/aob/mcl143}
}

@inbook{das2008,
	title = {Bamboo Taxonomy and Diversity in the Era of Molecular Markers},
	author = {Das, Malay and Bhattacharya, Samik and Singh, Paramjit and Filgueiras, {, Tarciso S.} and Pal, Amita},
	year = {2008},
	month = {01},
	date = {2008-01-01},
	publisher = {Academic Press},
	pages = {225--268},
	series = {Incorporating Advances in Plant Pathology},
	volume = {47},
	doi = {10.1016/S0065-2296(08)00005-0},
	url = {https://www.sciencedirect.com/science/article/pii/S0065229608000050},
	note = {DOI: 10.1016/S0065-2296(08)00005-0},
	langid = {en}
}

@misc{chatterj,
	title = {Chatterjee: Culmsheaths as an aid to identification... - Google Scholar},
	url = {https://scholar.google.com/scholar_lookup?title=Culmsheaths%20as%20an%20aid%20to%20identification%20of%20Bamboos&journal=Ind%20For&volume=89&pages=744-756&publication_year=1963&author=Chatterjee%2CRN&author=Raizada%2CMB#d=gs_cit&t=1691670412267&u=%2Fscholar%3Fq%3Dinfo%3AwRgv60ergi8J%3Ascholar.google.com%2F%26output%3Dcite%26scirp%3D0%26hl%3Den}
}

@misc{bennet:,
	title = {Bennet: Thirty seven bamboos growing in India - Google Scholar},
	url = {https://scholar.google.com/scholar_lookup?title=Thirty%20seven%20bamboos%20growing%20in%20India&publication_year=1990&author=Bennet%2CSSR&author=Gaur%2CRC#d=gs_cit&t=1691670987969&u=%2Fscholar%3Fq%3Dinfo%3Ak79cNpt96ogJ%3Ascholar.google.com%2F%26output%3Dcite%26scirp%3D0%26hl%3Den}
}

@article{nayak2003,
	title = {Evaluation of the genetic variability in bamboo using RAPD markers},
	author = {Nayak, S. and Rout, G.R. and Das, P.},
	year = {2003},
	month = {01},
	date = {2003-01-31},
	journal = {Plant, Soil and Environment},
	pages = {24--28},
	volume = {49},
	number = {1},
	doi = {10.17221/4085-PSE},
	url = {http://pse.agriculturejournals.cz/doi/10.17221/4085-PSE.html},
	langid = {en}
}

@article{das2007,
	title = {Phylogenetic relationships among the bamboo species as revealed by morphological characters and polymorphism analyses},
	author = {Das, M. and Bhattacharya, S. and Basak, J. and Pal, A.},
	year = {2007},
	month = {12},
	date = {2007-12-01},
	journal = {Biologia Plantarum},
	pages = {667--672},
	volume = {51},
	number = {4},
	doi = {10.1007/s10535-007-0140-7},
	url = {https://doi.org/10.1007/s10535-007-0140-7},
	langid = {en}
}

@article{ikeshima1999,
	title = {Method of producing and using bamboo charcoal and bamboo vinegar},
	author = {Ikeshima, Y.},
	year = {1999},
	date = {1999},
	journal = {Nosan Gyoson Bunka Kyokai, Tokyo},
	pages = {23}
}

@article{mu2004,
	title = {Identification and evaluation of antioxidant activities of bamboo extracts},
	author = {Mu, Jun and Uehara, Tohru and Li, Jianzhang and Furuno, Takeshi},
	year = {2004},
	month = {06},
	date = {2004-06},
	journal = {Forestry Studies in China},
	pages = {1},
	volume = {6},
	number = {2},
	doi = {10.1007/s11632-004-0011-7},
	url = {https://link.springer.com/10.1007/s11632-004-0011-7},
	langid = {en}
}

@inproceedings{boontawee1988,
	title = {Status of bamboo research and development in Thailand},
	author = {Boontawee, Boonchoob},
	year = {1988},
	date = {1988},
	pages = {12{\textendash}14}
}

@misc{filgueir,
	title = {Filgueiras: A checklist of the basal grasses and... - Google Scholar},
	url = {https://scholar.google.com/scholar_lookup?title=A%20checklist%20of%20the%20basal%20grasses%20and%20bamboos%20in%20Brazil&journal=Bamboo%20Sci%20Cult&volume=18&pages=7-18&publication_year=2004&author=Filgueiras%2CTS&author=Goncalves%2CAPS#d=gs_cit&t=1691674431443&u=%2Fscholar%3Fq%3Dinfo%3AgI9pwx0pktsJ%3Ascholar.google.com%2F%26output%3Dcite%26scirp%3D0%26hl%3Den}
}
